
@Article{AbdellatifHei2009,
  author    = {Abdellatif, Houssem and Heimann, Bodo},
  title     = {\textit{Computational efficient inverse dynamics of {6-DOF} fully parallel manipulators by using the {L}agrangian formalism}},
  journal   = {Mechanism and Machine Theory},
  year      = {2009},
  volume    = {44},
  number    = {1},
  pages     = {192--207},
  doi       = {10.1016/j.mechmachtheory.2008.02.003},
  publisher = {Elsevier},
}


@InProceedings{DoThanhKotHeiOrt2009b,
  author       = {Do Thanh, Trung and Kotlarski, Jens and Heimann, Bodo and Ortmaier, Tobias},
  title        = {\textit{On the inverse dynamics problem of general parallel robots}},
  booktitle    = {IEEE International Conference on Mechatronics 2009},
  doi          = {10.1109/ICMECH.2009.4957202},
  year         = {2009},
  isbn         = {978-1-4244-4194-5},
  location     = {Malaga/Spain},
  pages        = {1--6},
}


@Book{Gogu2008,
  author    = {Gogu, Grigore},
  title     = {\textit{Structural synthesis of parallel robots, part 1: methodology}},
  year      = {2008},
  publisher = {Springer Netherlands},
  volume    = {866},
  series    = {Solid Mechanics and Its Applications},
}


@Book{KongGos2007,
  author    = {Kong, Xianwen and Gosselin, Clément M.},
  title     = {\textit{Type synthesis of parallel mechanisms}},
  year      = {2007},
  publisher = {Springer Berlin Heidelberg},
}


@Article{SchapplerTapOrt2019c,
  author    = {Schappler, Moritz and Tappe, Svenja and Ortmaier, Tobias},
  title     = {\textit{Modeling parallel robot kinematics for {3T2R} and {3T3R} tasks using reciprocal sets of {Euler} angles}},
  journal   = {MDPI Robotics},
  year      = {2019},
  volume    = {8},
  number    = {3},
  issue     = {Special Issue "Kinematics and Robot Design II"},
  issn      = {2218-6581},
  doi       = {10.3390/robotics8030068},
  publisher = {Multidisciplinary Digital Publishing Institute},
}



@Article{KhalilGue2004,
  author    = {Khalil, Wisama and Guegan, Sylvain},
  title     = {\textit{Inverse and direct dynamic modeling of {Gough-Stewart} robots}},
  journal   = {IEEE Transactions on Robotics},
  year      = {2004},
  volume    = {20},
  number    = {4},
  pages     = {754--761},
  doi       = {10.1109/TRO.2004.829473},
  publisher = {IEEE},
}


@Article{JamwalHusXie2015,
  author    = {P. K. Jamwal and S. Hussain and S. Q. Xie},
  title     = {\textit{Three-Stage Design Analysis and Multicriteria Optimization of a Parallel Ankle Rehabilitation Robot Using Genetic Algorithm}},
  journal   = {IEEE Transactions on Automation Science and Engineering},
  year      = {2015},
  volume    = {12},
  number    = {4},
  pages     = {1433--1446},
  month     = {oct},
  issn      = {1558-3783},
  doi       = {10.1109/TASE.2014.2331241},
}


@PhdThesis{Krefft2006,
  author    = {Krefft, M.},
  title     = {\textit{Aufgabenangepasste Optimierung von Parallelstrukturen für Maschinen in der Produktionstechnik}},
  year      = {2006},
  school    = {Technische Universität Braunschweig},
}


@Article{CarboneOttCec2007,
  author    = {Carbone, G. and Ottaviano, E. and Ceccarelli, M.},
  title     = {\textit{An optimum design procedure for both serial and parallel manipulators}},
  journal   = {Proceedings of the Institution of Mechanical Engineers Part C Journal of Mechanical Engineering Science},
  year      = {2007},
  volume    = {221},
  number    = {7},
  pages     = {529-843},
}

@Article{ZhouBaiHan2011,
  author    = {Zhou, Lelai and Bai, Shaoping and Hansen, Michael Rygaard},
  title     = {Design optimization on the drive train of a light-weight robotic arm},
  journal   = {Mechatronics},
  year      = {2011},
  volume    = {21},
  number    = {3},
  pages     = {560--569},
  publisher = {Elsevier},
  doi       = {10.1016/j.mechatronics.2011.02.004},
}


@Article{ZhouBai2015,
  author    = {Zhou, Lelai and Bai, Shaoping},
  title     = {\textit{A new approach to design of a lightweight anthropomorphic arm for service applications}},
  journal   = {Journal of Mechanisms and Robotics},
  year      = {2015},
  volume    = {7},
  number    = {3},
}

@Book{BriotKha2015,
  title     = {\textit{Dynamics of Parallel Robots}},
  publisher = {Springer},
  year      = {2015},
  author    = {Briot, Sébastien and Khalil, Wisama},
}


@InCollection{FrindtKreHes2010,
  author    = {Frindt, Matthias and Krefft, Mathias and Hesselbach, Jürgen},
  title     = {\textit{Structure and type synthesis of parallel manipulators}},
  booktitle = {Robotic Systems for Handling and Assembly},
  publisher = {Springer},
  year      = {2010},
  pages     = {17--37},
}

@Book{Merlet2006,
  title     = {\textit{Parallel Robots}},
  publisher = {Springer Science \& Business Media},
  year      = {2006},
  author    = {Merlet, Jean-Pierre},
  volume    = {128},
  series    = {Solid Mechanics and Its Applications},
  edition   = {2nd},
}


@Article{Jordehi2015,
  author    = {Jordehi, A Rezaee},
  title     = {A review on constraint handling strategies in particle swarm optimisation},
  journal   = {Neural Computing and Applications},
  year      = {2015},
  volume    = {26},
  number    = {6},
  pages     = {1265--1275},
  doi       = {10.1007/s00521-014-1808-5},
  publisher = {Springer},
}


@PhdThesis{Ramirez2018,
  author      = {Daniel Andres Ramirez},
  title       = {Automatic Generation of Task-specific Mechanisms using Combined Structural and Dimensional Synthesis},
  institution = {Gottfried Wilhelm Leibniz Universität Hannover},
  year        = {2018},
  doi         = {10.15488/4571},
}



@Article{KelaiaiaComZaa2012,
  author    = {Kelaiaia, R. and Company, O. and Zaatri, A.},
  title     = {Multiobjective optimization of a linear Delta parallel robot},
  journal   = {Mechanism and Machine Theory},
  year      = {2012},
  volume    = {50},
  number    = {0},
  pages     = {159 - 178},
  doi       = {10.1016/j.mechmachtheory.2011.11.004},
}


@Article{ZhouBai2015,
  author    = {Zhou, Lelai and Bai, Shaoping},
  title     = {A new approach to design of a lightweight anthropomorphic arm for service applications},
  journal   = {Journal of Mechanisms and Robotics},
  year      = {2015},
  volume    = {7},
  number    = {3},
  pages     = {031001},
  publisher = {American Society of Mechanical Engineers},
  doi       = {10.1115/1.4028292},
}


@Article{MbarekNefCor2005,
  author       = {Taoufik Mbarek and Marwene Nefzi and Burkhard Corves},
  title        = {Prototypische Entwicklung und Konstruktion eines neuartigen Parallelmanipulators mit dem Freiheitsgrad fünf},
  journal      = {VDI-Berichte},
  journaltitle = {VDI-Berichte Nr. 15},
  year         = {2005},
}

